%YAML 1.1
%TAG !u! tag:unity3d.com,2011:
--- !u!1001 &100100000
Prefab:
  m_ObjectHideFlags: 1
  serializedVersion: 2
  m_Modification:
    m_TransformParent: {fileID: 0}
    m_Modifications: []
    m_RemovedComponents: []
  m_ParentPrefab: {fileID: 0}
  m_RootGameObject: {fileID: 1630803670010192}
  m_IsPrefabParent: 1
--- !u!1 &1102542233281664
GameObject:
  m_ObjectHideFlags: 0
  m_PrefabParentObject: {fileID: 0}
  m_PrefabInternal: {fileID: 100100000}
  serializedVersion: 5
  m_Component:
  - component: {fileID: 4437635001240520}
  - component: {fileID: 212092519501455682}
  - component: {fileID: 111099197017392114}
  m_Layer: 9
  m_Name: Sprite Renderer
  m_TagString: Untagged
  m_Icon: {fileID: 0}
  m_NavMeshLayer: 0
  m_StaticEditorFlags: 0
  m_IsActive: 1
--- !u!1 &1630803670010192
GameObject:
  m_ObjectHideFlags: 0
  m_PrefabParentObject: {fileID: 0}
  m_PrefabInternal: {fileID: 100100000}
  serializedVersion: 5
  m_Component:
  - component: {fileID: 4409724879178572}
  - component: {fileID: 33718242972839600}
  - component: {fileID: 65413201439214940}
  - component: {fileID: 195112942518874232}
  - component: {fileID: 114677807239789434}
  - component: {fileID: 54848442142460458}
  m_Layer: 0
  m_Name: Worker
  m_TagString: Untagged
  m_Icon: {fileID: 0}
  m_NavMeshLayer: 0
  m_StaticEditorFlags: 0
  m_IsActive: 1
--- !u!4 &4409724879178572
Transform:
  m_ObjectHideFlags: 1
  m_PrefabParentObject: {fileID: 0}
  m_PrefabInternal: {fileID: 100100000}
  m_GameObject: {fileID: 1630803670010192}
  m_LocalRotation: {x: -0, y: -0, z: 0.016400637, w: 0.99986553}
  m_LocalPosition: {x: 7.2031126, y: 6.2319756, z: 11.062024}
  m_LocalScale: {x: 0.3, y: 0.2, z: 0.3}
  m_Children:
  - {fileID: 4437635001240520}
  m_Father: {fileID: 0}
  m_RootOrder: 0
  m_LocalEulerAnglesHint: {x: 0, y: 0, z: 1.8790001}
--- !u!4 &4437635001240520
Transform:
  m_ObjectHideFlags: 1
  m_PrefabParentObject: {fileID: 0}
  m_PrefabInternal: {fileID: 100100000}
  m_GameObject: {fileID: 1102542233281664}
  m_LocalRotation: {x: 0, y: 0.7071068, z: -0.7071068, w: 0}
  m_LocalPosition: {x: -0.01, y: -0.088, z: 0.017}
  m_LocalScale: {x: 1, y: 1, z: 1}
  m_Children: []
  m_Father: {fileID: 4409724879178572}
  m_RootOrder: 0
  m_LocalEulerAnglesHint: {x: 90, y: 180, z: 0}
--- !u!33 &33718242972839600
MeshFilter:
  m_ObjectHideFlags: 1
  m_PrefabParentObject: {fileID: 0}
  m_PrefabInternal: {fileID: 100100000}
  m_GameObject: {fileID: 1630803670010192}
  m_Mesh: {fileID: 10202, guid: 0000000000000000e000000000000000, type: 0}
--- !u!54 &54848442142460458
Rigidbody:
  m_ObjectHideFlags: 1
  m_PrefabParentObject: {fileID: 0}
  m_PrefabInternal: {fileID: 100100000}
  m_GameObject: {fileID: 1630803670010192}
  serializedVersion: 2
  m_Mass: 1
  m_Drag: 0
  m_AngularDrag: 0.05
  m_UseGravity: 0
  m_IsKinematic: 1
  m_Interpolate: 0
  m_Constraints: 0
  m_CollisionDetection: 0
--- !u!65 &65413201439214940
BoxCollider:
  m_ObjectHideFlags: 1
  m_PrefabParentObject: {fileID: 0}
  m_PrefabInternal: {fileID: 100100000}
  m_GameObject: {fileID: 1630803670010192}
  m_Material: {fileID: 0}
  m_IsTrigger: 0
  m_Enabled: 1
  serializedVersion: 2
  m_Size: {x: 1, y: 1, z: 1}
  m_Center: {x: 0, y: 0, z: 0}
--- !u!111 &111099197017392114
Animation:
  m_ObjectHideFlags: 1
  m_PrefabParentObject: {fileID: 0}
  m_PrefabInternal: {fileID: 100100000}
  m_GameObject: {fileID: 1102542233281664}
  m_Enabled: 1
  serializedVersion: 3
  m_Animation: {fileID: 7400000, guid: 7f2bd09b34bc67f489c9028dec13a268, type: 2}
  m_Animations:
  - {fileID: 7400000, guid: 7f2bd09b34bc67f489c9028dec13a268, type: 2}
  m_WrapMode: 0
  m_PlayAutomatically: 0
  m_AnimatePhysics: 0
  m_CullingType: 0
--- !u!114 &114677807239789434
MonoBehaviour:
  m_ObjectHideFlags: 1
  m_PrefabParentObject: {fileID: 0}
  m_PrefabInternal: {fileID: 100100000}
  m_GameObject: {fileID: 1630803670010192}
  m_Enabled: 1
  m_EditorHideFlags: 0
  m_Script: {fileID: 11500000, guid: 8d3525cc14271f244bf6ffd021cdecd8, type: 3}
  m_Name: 
  m_EditorClassIdentifier: 
  myTeamStatus: 0
  icon: {fileID: 21300000, guid: 2bf7ade18084bff478155c1eaccc94cd, type: 3}
  description: Main Worker
  maxHealth: 30
  currentHealth: 100
  maxBioFuel: 20
  currentBioFuel: 0
  Industructable: 0
  spriteRendererRef: {fileID: 212092519501455682}
  deadSprite: {fileID: 0}
  priority: 35
  DiedEvent:
    m_PersistentCalls:
      m_Calls: []
    m_TypeName: EventSelectable, Assembly-CSharp, Version=0.0.0.0, Culture=neutral,
      PublicKeyToken=null
  selectableType: 2
  upkeepCost: 0
  canHoldHelm: 0
  canHoldBody: 0
  canHoldMain: 0
  canHoldBack: 1
  canHoldSide: 0
  canHoldSideSecond: 0
  helmitItem: {fileID: 0}
  bodyItem: {fileID: 0}
  mainItem: {fileID: 0}
  backItem: {fileID: 0}
  sideItem: {fileID: 0}
  sideSecondItem: {fileID: 0}
  spriteTurnsWithDirection: 1
--- !u!195 &195112942518874232
NavMeshAgent:
  m_ObjectHideFlags: 1
  m_PrefabParentObject: {fileID: 0}
  m_PrefabInternal: {fileID: 100100000}
  m_GameObject: {fileID: 1630803670010192}
  m_Enabled: 1
  m_AgentTypeID: -1372625422
  m_Radius: 0.4
  m_Speed: 2
  m_Acceleration: 1000
  avoidancePriority: 50
  m_AngularSpeed: 120
  m_StoppingDistance: 0
  m_AutoTraverseOffMeshLink: 1
  m_AutoBraking: 1
  m_AutoRepath: 1
  m_Height: 1
  m_BaseOffset: 0.49999997
  m_WalkableMask: 1
  m_ObstacleAvoidanceType: 4
--- !u!212 &212092519501455682
SpriteRenderer:
  m_ObjectHideFlags: 1
  m_PrefabParentObject: {fileID: 0}
  m_PrefabInternal: {fileID: 100100000}
  m_GameObject: {fileID: 1102542233281664}
  m_Enabled: 1
  m_CastShadows: 0
  m_ReceiveShadows: 0
  m_DynamicOccludee: 1
  m_MotionVectors: 1
  m_LightProbeUsage: 1
  m_ReflectionProbeUsage: 1
  m_RenderingLayerMask: 4294967295
  m_Materials:
  - {fileID: 10754, guid: 0000000000000000f000000000000000, type: 0}
  m_StaticBatchInfo:
    firstSubMesh: 0
    subMeshCount: 0
  m_StaticBatchRoot: {fileID: 0}
  m_ProbeAnchor: {fileID: 0}
  m_LightProbeVolumeOverride: {fileID: 0}
  m_ScaleInLightmap: 1
  m_PreserveUVs: 0
  m_IgnoreNormalsForChartDetection: 0
  m_ImportantGI: 0
  m_StitchLightmapSeams: 0
  m_SelectedEditorRenderState: 0
  m_MinimumChartSize: 4
  m_AutoUVMaxDistance: 0.5
  m_AutoUVMaxAngle: 89
  m_LightmapParameters: {fileID: 0}
  m_SortingLayerID: 0
  m_SortingLayer: 0
  m_SortingOrder: 0
  m_Sprite: {fileID: 21300000, guid: 8db92c69d3ef3744cb9a03aa79800c27, type: 3}
  m_Color: {r: 1, g: 1, b: 1, a: 1}
  m_FlipX: 0
  m_FlipY: 0
  m_DrawMode: 0
  m_Size: {x: 10, y: 5.63}
  m_AdaptiveModeThreshold: 0.5
  m_SpriteTileMode: 0
  m_WasSpriteAssigned: 1
  m_MaskInteraction: 0
